@article{levenshtein65,
	author = {В. И. Левенштейн},
	title = {Двоичные коды с исправлением выпадений, вставок и замещений символов},
	journal = {Доклады Академий Наук СССР},
	year = {1965},
	volume = {163},
	number = {4},
	pages = {845--848}
}
@article{strassen69,
	author = {Strassen V.},
	title = {Gaussian Elimination is not Optimal},
	journal = {Numerische Mathematik},
	year = {1969},
	volume = {13},
	number = {4},
	pages = {354--356},
	doi={10.1007/BF02165411}
}
@article{winograd90,
	author = {D. Coppersmith S. Winograd},
	title = {Matrix multiplication via arithmetic progressions},
	journal = {Journal of Symbolic Computation},
	year = {1990},
	volume = {1},
	number = {9},
	pages = {251--280}
}
@article{damerau64,
	author = {Damerau, Fred J.},
	title = {A technique for computer detection and correction of spelling errors},
	year = {1964},
	issue_date = {March 1964},
	volume = {7},
	number = {3},
	journal = {Commun. ACM},
	pages = {171--176}
}
@article{navaro01,
	author = {Navarro, Gonzalo},
	title = {A guided tour to approximate string matching},
	year = {2001},
	issue_date = {March 2001},
	volume = {33},
	number = {1},
	journal = {ACM Comput. Surv.},
	pages = {31--88}
}
@misc{aa_lec,
	title = {Конспект лекций по дисциплине "Анализ алгоритмов"},
	note = {Дата обращения 24.10.2024},
	howpublished = {Режим доступа: \url{http://oii.iu7.bmstu.ru:3000/projects/aa2024_25_iu7_lab_aa_03/files}}
}
@misc{gtest,
	title = {GoogleTest User’s Guide [Электронный ресурс]},
	howpublished = {Режим доступа: \url{https://google.github.io/googletest/}},
	note = {Дата обращения 8.10.2024}
}

@misc{stm32,
	title = {STM32F7 Series},
	howpublished = {Режим доступа: \url{https://www.st.com/en/microcontrollers-microprocessors/stm32f7-series.html}},
	note = {Дата обращения 10.10.2024}
}
@book{Sedgewick03,
	author = {Седжвик  Роберт},
	title = {Фундаментальные алгоритмы на C. Анализ/Структуры данных/Сортировка/Поиск},
	year = {2003},
	publisher = {ДиаСофтЮП},
	address = {СПБ},
	note = {1136 с., ISBN 5-93772-081-4}
}

@book{Rogers89,
	author = {Роджерс Д.},
	title = {Алгоритмические основы машинной графики},
	address = {Москва},
	publisher = {Мир},
	year = {1989},
	note = {512 с., ISBN 5-03-000476-9}
}

@book{cormen13,
	author = {Т. Кормен Ч. Лейзерсон Р. Ривест К. Штайн},
	title = {Алгоритмы: построение и анализ},
	address = {Москва},
	publisher = {ООО "И. Д. Вильямс"},
	year = {2013},
	note = {1328 с., ISBN 978-5-8459-1794-2}
}

@book{belousov04,
	author = {Белоусов А.И. Ткачев СБ.},
	title = {Дискретная математика},
	address = {Москва},
	publisher = {Изд-во МГТУ им. Н.Э. Баумана},
	year = {2004},
	note = {744 с., ISBN 5-7038-1270-4}
}

@book{Demidenko81,
	author = {Демиденко Е. 3.},
	title = {Линейная и нелинейная регресии},
	address = {Москва},
	publisher = {Финансы и статистика},
	year = {1981},
	note = {302 с.}
}

@book{Levitin06,
	author = {Левитин А. В.},
	title = {Алгоритмы. Введение в разработку и анализ},
	address = {Москва},
	publisher = {Вильямс},
	year = {2006},
	note = {302 с.}
}

@book{Merkov14,
	author = {Мерков А. Б.},
	title = {Распознавание образов: Построение и обучение вероятностных моделей},
	address = {Москва},
	publisher = {ЛЕНАНД},
	year = {2014},
	note = {240 с., ISBN 978-5-9710-0564-3}
}

@misc{plt,
	title = {matplotlib [Электронный ресурс]},
	howpublished = {Режим доступа: \url{https://matplotlib.org/}},
	note = {Дата обращения 24.10.2024}
}

@book{Dorigo04,
	author = {Dorigo M., Stützle T.},
	title = {Ant Colony Optimization},
	publisher = {MIT Press},
	year = {2004},
	note = {319 с.}
}

@book{Mudrov69,
	author = {Мудров В. И.},
	title = {Задача о коммивояжере},
	address = {Москва},
	publisher = {Знание},
	year = {1969},
	note = {62 с.}
}

@incollection{VIK2004371,
	title = {Real-time visualization of smoke through parallelizations},
	editor = {G.R. Joubert and W.E. Nagel and F.J. Peters and W.V. Walter},
	series = {Advances in Parallel Computing},
	publisher = {North-Holland},
	volume = {13},
	pages = {371-378},
	year = {2004},
	booktitle = {Parallel Computing},
	issn = {0927-5452},
	doi = {https://doi.org/10.1016/S0927-5452(04)80049-2},
	url = {https://www.sciencedirect.com/science/article/pii/S0927545204800492},
	author = {T. Vik and A.C. Elster and T. Hallgren},
	abstract = {Publisher Summary
	This chapter discusses real-time visualization of smoke through parallelizations. In order to get the best possible performance, both optimizations of the original model and parallelizations are needed. To achieve this, a 2D prototype was developed, analyzed, and profiled in order to pinpoint possible processing hotspots in the algorithm. The chapter discusses benchmarks and analysis of the data-parallel approach, and shows a significant speedup compared to the serial, but also uncovers that one of the CPUs is left idle, while the other is running the OpenGL rendering code. The speedups gained by parallelizing simulation model proved it very suitable for parallelism, but also revealed the memory bus as being a limitation for memory intensive tasks. The pipelined approach presented introduces a technique for dynamic job distribution and pipelining, thus reducing the penalty caused by serial sub-tasks, such as rendering. The technique of pipelining is well-known, especially within computer hardware engineering, but results showed its relevance within the field of computational fluid dynamics (CFD) visualization.}
}

@inproceedings{Kjelldahl2008RealTimeLS,
	title={Real-Time Large Scale Fluids for Games},
	author={Lars Kjelldahl},
	year={2008},
	url={https://api.semanticscholar.org/CorpusID:5636043}
}