@article{levenstein65,
	author = {В. И. Левенштейн},
	title = {Двоичные коды с исправлением выпадений, вставок и замещений символов},
	journal = {Доклады Академий Наук СССР},
	year = {1965},
	volume = {163},
	number = {4},
	pages = {845--848}
}
@article{damerau64,
	author = {Damerau, Fred J.},
	title = {A technique for computer detection and correction of spelling errors},
	year = {1964},
	issue_date = {March 1964},
	volume = {7},
	number = {3},
	journal = {Commun. ACM},
	pages = {171--176}
}
@article{navaro01,
	author = {Navarro, Gonzalo},
	title = {A guided tour to approximate string matching},
	year = {2001},
	issue_date = {March 2001},
	volume = {33},
	number = {1},
	journal = {ACM Comput. Surv.},
	pages = {31--88}
}
@misc{micros,
	title = {micros()},
	note = {Дата обращения 10.10.2024},
	howpublished = {Режим доступа: \url{https://reference.arduino.cc/reference/en/language/functions/time/micros/}}
}
@misc{gtest,
	title = {GoogleTest User’s Guide},
	howpublished = {Режим доступа: \url{https://google.github.io/googletest/}},
	note = {Дата обращения 8.10.2024}
}

@misc{stm32,
	title = {STM32F7 Series},
	howpublished = {Режим доступа: \url{https://www.st.com/en/microcontrollers-microprocessors/stm32f7-series.html}},
	note = {Дата обращения 10.10.2024}
}

